@book{pmbok,
	Author={{PROJECT MANAGEMENT INSTITUTE}},
	Title={Project Management Body of Knowledge},
	Publisher={PMI},
	Year={2013}	
}

@book{ideal,
	Author={B. McFeeley},
	Title={IDEAL: A Userâ€™s Guide for Software Process Improvement},
	Publisher={CMU/SEI},
	Year={1996}	
}

@book{pressman,
	Author={R. S. Pressman},
	Title={Engenharia de software: uma abordagem profissional},
	Publisher={Porto Alegre(RS): AMGH},
	ISBN={9788563308337 8563308335},
	Year={2011}	
}

@book{cmmi,
	Author={{Carnegie Mellon University}},
	Title={CMMI for Development},
	Publisher={Carnegie Mellon University},
	Year={2010}	
}

@book{mps_br,
	Author={Softex},
	Title={MPS.BR-Melhoria de Processo do Software Brasileiro - Guia Geral},
	Publisher={Softex},
	Year={2012}	
}

@article{12207,
  title={IEC 12207--Tecnologia de informa{\c{c}}{\~a}o-Processos de ciclo de vida de software},
  author={ISO, NBR},
  journal={Rio de Janeiro: ABNT},
  year={1998}
}